%% This BibTeX bibliography file was created using BibDesk.
%% http://bibdesk.sourceforge.net/

%% Created for Rogelio E. Cardona-Rivera at 2016-02-11 22:00:31 -0500 


%% Saved with string encoding Unicode (UTF-8) 

@inproceedings{ronfard2014story,
	Author = {Ronfard, Remi and Szilas, Nicolas},
	Booktitle = {Proceedings of the 5th Workshop on Computational Models of Narrative},
	Pages = {164--176},
	Title = {{Where story and media meet: computer generation of narrative discourse}},
	Year = {2014}
}

@article{perez2001mexica,
	Author = {P\'erez~y~P\'erez, Rafael and Sharples, Mike},
	Date-Modified = {2016-02-12 03:00:31 +0000},
	Journal = {Journal of Experimental and Theoretical Artificial Intelligence},
	Number = {2},
	Pages = {119--139},
	Title = {{MEXICA}: A computer model of a cognitive account of creative writing},
	Volume = {13},
	Year = {2001}}

@book{cohn2013visual,
	Address = {London, England, UK},
	Author = {Cohn, Neil},
	Date-Added = {2016-02-12 02:50:32 +0000},
	Date-Modified = {2016-02-12 02:53:05 +0000},
	Publisher = {Bloomsbury},
	Title = {The Visual Language of Comics: Introduction to the Structure and Cognition of Sequential Images},
	Year = {2013}}

@book{mcCloud1993understanding,
	Address = {New York, NY, USA},
	Author = {McCloud, Scott},
	Date-Added = {2016-02-12 02:42:08 +0000},
	Date-Modified = {2016-02-12 02:43:47 +0000},
	Publisher = {Harper Collins},
	Title = {Understanding Comics: The Invisible Art},
	Year = {1993}}

@book{boden92,
	Address = {London},
	Author = {Margaret Boden},
	Publisher = {Abacus},
	Title = {The Creative Mind},
	Year = {1992}}

@article{ritchie07,
	Author = {Graeme Ritchie},
	Journal = {Minds and Machines},
	Pages = {76-99},
	Publisher = {Springer},
	Title = {Some Empirical Criteria for Attributing Creativity to a Computer Program},
	Volume = {17},
	Year = {2007}}

@misc{UCI,
	Author = {A. Asuncion and D.J. Newman},
	Howpublished = {University of California, Irvine, School of Information and Computer Sciences},
	Note = {http://www.ics.uci.edu/~mlearn/MLRepository.html},
	Title = {{UCI} Machine Learning Repository}}

@inproceedings{veale07,
	Address = {Vancouver, British Columbia},
	Author = {Tony Veale and Yanfen Hao},
	Booktitle = {Proceedings of the Twenty-Second AAAI Conference on Artificial Intelligence (AAAI-07)},
	Pages = {1471--1476},
	Publisher = {AAAI Press},
	Title = {Comprehending and Generating Apt Metaphors: A Web-driven, Case-based Approach to Figurative Language},
	Year = {2007}}

@article{lyu04,
	Author = {Siwei Lyu and Daniel Rockmore and Hany Farid},
	Journal = {Proceedings of the National Academy of Sciences},
	Number = {49},
	Pages = {17006--17010},
	Title = {A Digital Technique for Art Authentication},
	Volume = {101},
	Year = {2004}}

@incollection{Woods81,
	Address = {Cambridge, UK},
	Author = {Woods, W.A.},
	Booktitle = {Elements of Discourse Understanding},
	Editor = {Joshi, A.K. and Webber, B.L. and Sag, I.},
	Pages = {300--334},
	Publisher = {Cambridge University Press},
	Title = {Procedural semantics as a theory of meaning},
	Year = 1981}

@book{Ruch07,
	Address = {Berlin},
	Editor = {Willibald Ruch},
	Publisher = {Mouton de Gruyter},
	Series = {Mouton Select},
	Title = {The Sense of Humor: Explorations of a Personality Characteristic},
	Year = 2007}

@techreport{OZ,
	Address = {Pittsburgh, PA},
	Author = {Mark Kantrowitz},
	Institution = {School of Computer Science, Carnegie Mellon University},
	Number = {CMU-CS-90-158},
	Title = {Natural Language Text Generation in the {OZ} Interactive Fiction Project},
	Type = {Technical Report},
	Year = {1990}}
